<?xml version="1.0" encoding="UTF-8"?><collection xmlns="http://www.loc.gov/MARC21/slim"><record><leader>00312nam--2200121-i-4500</leader><controlfield tag="001">000041571</controlfield><controlfield tag="002">20161230</controlfield><controlfield tag="005">20161230201043</controlfield><controlfield tag="008">060222s1000------------r-----000-0-eng-d</controlfield><datafield ind1=" " ind2=" " tag="100"><subfield code="a">Signeur,Austin V</subfield></datafield><datafield ind1=" " ind2=" " tag="245"><subfield code="a">Guide to gas chromat6ography literature</subfield></datafield><datafield ind1=" " ind2=" " tag="260"><subfield code="a">New York, Plenum Press, 1964. 351 P</subfield></datafield><datafield ind1=" " ind2=" " tag="852"><subfield code="a">22756</subfield></datafield></record></collection>